<record><leader>00000cas a22000007a 4500</leader><controlfield tag="001">8808036</controlfield><controlfield tag="008">820925d19062001inudr ne      0   a0eng  </controlfield><datafield ind1=" " ind2=" " tag="010"><subfield code="a">sn 82015354 </subfield></datafield><datafield ind1=" " ind2=" " tag="040"><subfield code="a">DLC</subfield><subfield code="b">eng</subfield><subfield code="c">DLC</subfield><subfield code="d">NSD</subfield><subfield code="d">NPI</subfield><subfield code="d">DLC</subfield><subfield code="d">NPI</subfield><subfield code="d">IUL</subfield><subfield code="d">OCLCQ</subfield><subfield code="d">OCLCF</subfield><subfield code="d">IUL</subfield><subfield code="d">OCL</subfield></datafield><datafield ind1=" " ind2=" " tag="012"><subfield code="k">1</subfield><subfield code="m">1</subfield></datafield><datafield ind1=" " ind2=" " tag="019"><subfield code="a">990540215</subfield></datafield><datafield ind1="1" ind2=" " tag="022"><subfield code="a">0746-7516</subfield><subfield code="l">0746-7516</subfield><subfield code="2">1</subfield></datafield><datafield ind1=" " ind2=" " tag="032"><subfield code="a">173320</subfield><subfield code="b">USPS</subfield></datafield><datafield ind1=" " ind2=" " tag="042"><subfield code="a">msc</subfield><subfield code="a">nsdp</subfield></datafield><datafield ind1=" " ind2=" " tag="043"><subfield code="a">n-us-in</subfield></datafield><datafield ind1="0" ind2="0" tag="050"><subfield code="a">Newspaper 7002</subfield></datafield><datafield ind1=" " ind2="4" tag="222"><subfield code="a">The Elkhart truth</subfield></datafield><datafield ind1="0" ind2="4" tag="245"><subfield code="a">The Elkhart truth.</subfield></datafield><datafield ind1="0" ind2="0" tag="246"><subfield code="a">Truth</subfield></datafield><datafield ind1="1" ind2=" " tag="246"><subfield code="i">Sunday issues Mar. 9, 1986-May 13, 2001 have title:</subfield><subfield code="a">Truth</subfield></datafield><datafield ind1=" " ind2=" " tag="260"><subfield code="a">Elkhart, Ind. :</subfield><subfield code="b">Truth Pub. Co.,</subfield><subfield code="c">1906-2001.</subfield></datafield><datafield ind1=" " ind2=" " tag="300"><subfield code="a">98 v. :</subfield><subfield code="b">ill. ;</subfield><subfield code="c">57-60 cm.</subfield></datafield><datafield ind1=" " ind2=" " tag="310"><subfield code="a">Daily (except holidays),</subfield><subfield code="b">Mar. 7, 1986-May 13, 2001</subfield></datafield><datafield ind1=" " ind2=" " tag="321"><subfield code="a">Daily (except Sun. and holidays), Mar. 13, 1906-Mar. 6, 1986</subfield></datafield><datafield ind1="0" ind2=" " tag="362"><subfield code="a">Vol. 15, no. 178 (Mar. 13, 1906)-112th year, no. 133 (May 13, 2001).</subfield></datafield><datafield ind1=" " ind2=" " tag="580"><subfield code="a">Also published in a weekly ed. called: Elkhart weekly truth, 1897-1910.</subfield></datafield><datafield ind1=" " ind2="0" tag="651"><subfield code="a">Elkhart (Ind.)</subfield><subfield code="v">Newspapers.</subfield></datafield><datafield ind1=" " ind2="0" tag="651"><subfield code="a">Elkhart County (Ind.)</subfield><subfield code="v">Newspapers.</subfield></datafield><datafield ind1=" " ind2="7" tag="651"><subfield code="a">Indiana</subfield><subfield code="z">Elkhart County.</subfield><subfield code="2">fast</subfield><subfield code="0">(OCoLC)fst01205779</subfield></datafield><datafield ind1=" " ind2="7" tag="651"><subfield code="a">Indiana</subfield><subfield code="z">Elkhart.</subfield><subfield code="2">fast</subfield><subfield code="0">(OCoLC)fst01207151</subfield></datafield><datafield ind1=" " ind2="7" tag="655"><subfield code="a">Newspapers.</subfield><subfield code="2">fast</subfield><subfield code="0">(OCoLC)fst01423814</subfield></datafield><datafield ind1=" " ind2=" " tag="752"><subfield code="a">United States</subfield><subfield code="b">Indiana</subfield><subfield code="c">Elkhart</subfield><subfield code="d">Elkhart.</subfield></datafield><datafield ind1="1" ind2=" " tag="775"><subfield code="t">Elkhart weekly truth</subfield><subfield code="w">(DLC)sn 87055947</subfield><subfield code="w">(OCoLC)15716508</subfield></datafield><datafield ind1="0" ind2="0" tag="780"><subfield code="t">Elkhart daily truth</subfield><subfield code="w">(DLC)sn 87056391</subfield><subfield code="w">(OCoLC)16835760</subfield></datafield><datafield ind1="0" ind2="5" tag="780"><subfield code="t">Elkhart review (Elkhart, Ind. : Daily : 1918)</subfield><subfield code="g">1920</subfield><subfield code="w">(DLC)sn 87055942</subfield><subfield code="w">(OCoLC)15719294</subfield></datafield><datafield ind1="0" ind2="0" tag="785"><subfield code="t">Truth (Elkhart, Ind. : 2001)</subfield><subfield code="w">(DLC)sn2001062809</subfield><subfield code="w">(OCoLC)47055559</subfield></datafield><datafield ind1="1" ind2=" " tag="029"><subfield code="a">AU@</subfield><subfield code="b">000025829910</subfield></datafield><datafield ind1="1" ind2=" " tag="029"><subfield code="a">NZ1</subfield><subfield code="b">16075664</subfield></datafield></record>